@article{einstein,
    author =       "Albert Einstein",
    title =        "{Zur Elektrodynamik bewegter K{\"o}rper}. ({German})",
    journal =      "Annalen der Physik",
    volume =       "322",
    number =       "10",
    pages =        "891--921",
    year =         "1905",
    DOI =          "http://dx.doi.org/10.1002/andp.19053221004"
}

@book{latexcompanion,
    author    = "Michel Goossens and Frank Mittelbach and Alexander Samarin",
    title     = "The \LaTeX\ Companion",
    year      = "1993",
    publisher = "Addison-Wesley",
    address   = "Reading, Massachusetts"
}

@misc{knuthwebsite,
    author    = "Donald Knuth",
    title     = "Knuth: Computers and Typesetting",
    url       = "http://www-cs-faculty.stanford.edu/\~{}uno/abcde.html"
}

@ARTICLE{smit54,
    AUTHOR = {J. G. Smith and H. K. Weston},
    TITLE = {Nothing Particular in this Year's History},
    YEAR = {1954},
    JOURNAL = {J. Geophys. Res.},
    VOLUME = {2},
    PAGES = {14-15}
}
@BOOK{colu92,
    AUTHOR = {Christopher Columbus},
    TITLE = {How {I} Discovered {America}},
    YEAR = {1492},
    PUBLISHER = {Hispanic Press},
    ADDRESS = {Barcelona}
}
@ARTICLE{gree00,
    AUTHOR = {R. J. Green and U. P. Fred and W. P. Norbert},
    TITLE = {Things that Go Bump in the Night},
    YEAR = {1900},
    JOURNAL = {Psych. Today},
    VOLUME = {46},
    PAGES = {345-678}
}
@ARTICLE{phil99,
    AUTHOR = {T. P. Phillips},
    TITLE = {Possible Influence of the Magnetosphere on {American} History},
    YEAR = {1999},
    JOURNAL = {J. Oddball Res.},
    VOLUME = {98},
    PAGES = {1000-1003}
}
@ARTICLE{jame76,
    AUTHOR = {Kelly James and Harris, Jr., George and Wilby Wollops},
    TITLE = {{American} Independence and Magnetism},
    YEAR = {1776},
    JOURNAL = {Revol. Tracts},
    VOLUME = {32},
    PAGES = {34-55}
}

@article{aw03,
author = {Anderson, J. E. and E. van Wincoop},
title = {Gravity with Gravitas: A Solution to the Border Puzzle},
journal = {American Economic Review},
year = {2003},
volume = {93},
number = {1},
pages = {170--92}
}

@article{bb04,
author = {Baier, S. L. and Bergstrand, J. H.},
title = {Economic determinants of free trade agreements},
journal = {Journal of International Economics},
year = {2004},
volume = {64},
number = {1},
pages = {29--63}
}

@article{bb07,
author = {Baier, S. L. and Bergstrand, J. H.},
title = {Do Free Trade Agreements Actually Increase Members' International Trade?},
journal = {Journal of International Economics},
year = {2007},
volume = {71},
number = {1},
pages = {72--95}
}

@article{byz19,
author = {Baier, S. L. and Yotov, Y. V. and Zylkin, T.},
title = {On the Widely Differing Effects of Free Trade Agreements: Lessons from Twenty Years of Trade Integration},
journal = {Journal of International Economics},
year = {2019},
volume = {116},
number = {C},
pages = {206--26}
}

@article{bl13,
author = {Barro, R. J. and Lee, J.-W.},
title = {A new data set of educational attainment in the world, 1950-2010},
journal = {Journal of Development Economics},
year = {2013},
volume = {32},
number = {3},
pages = {363--94}
}

@article{be95,
author = {Bayoumi, T. and Eichengreen, B.},
title = {Restraining Yourself: The Implications of Fiscal Rules for Economic Stabilization},
journal = {Staff Papers International Monetary Fund},
year = {1995},
volume = {42},
number = {1},
pages = {32--48}
}

@article{b93,
author = {Ben-David, D.},
title = {Equalizing Exchange: Trade Liberalization and Income Convergence},
journal = {The Quarterly Journal of Economics},
year = {1993},
volume = {108},
number = {3},
pages = {653--79}
}

@article{b98,
author = {Ben-David, D.},
title = {Convergence Clubs and Subsistence Economies},
journal = {Journal of Development Economics},
year = {1998},
volume = {55},
number = {1},
pages = {155--71}
}

@article{bw14,
author = {Berlemann, M. and Wesselh{"o}ft, J.-E.},
title = {Estimating Aggregate Capital Stocks Using the Perpetual Inventory Method: A Survey of Previous Implementations and New Empirical Evidence for 103 Countries},
journal = {Review of Economics},
year = {2014},
volume = {65},
number = {1},
pages = {1--34}
}

@article{b12,
author = {Buigut, S.},
title = {An Assessment of the Trade Effects of the East African Community Customs Union on Member Countries},
journal = {International Journal of Economics and Finance},
year = {2012},
volume = {4},
number = {10},
pages = {41--53},
}

@article{cst10,
author = {Cadot, O. and M. Shirotori and B. Tumurchudur},
title = {Revealed Factor Intensity Indices at the Product Level},
journal = {UNCTAD Blue Series Papers 44},
publisher = {{United Nations Conference on Trade and Development}},
year = {2010}
}

@article{c06,
author = {Carr{\`e}re, C.},
title = {Revisiting the effects of regional trade agreements on trade flows with proper specification of the gravity model},
journal = {European Economic Review},
year = {2006},
volume = {50},
number = {2},
pages = {223--47}
}

@article{cgo12,
author = {Carr{\`e}re, C. and Gourdon, J. and Olarreaga, M.},
title = {Regional Integration and Natural Resources: Who Benefits? Evidence from MENA},
journal = {International Economics},
year = {2012},
volume = {131},
pages = {23--41}
}

@article{cw02,
author = {Chang, W. and Winters, L. A.},
title = {How Regional Blocs Affect Excluded Countries: The Price Effects of MERCOSUR},
journal = {American Economic Review},
year = {2002},
volume = {92},
number = {4},
pages = {889--904}
}

@article{cw05,
author = {Cheng, I. H. and Wall, H.},
title = {Controlling for Heterogeneity in Gravity Models of Trade and Integration},
journal = {Review},
year = {2005},
volume = {87},
pages = {49--63}
}

@article{ckt15,
author = {Cheong, J. and Kwak, D. W. and Tang, K. K.},
title = {Heterogeneous Effects of Preferential Trade Agreements: How Does Partner Similarity Matter?},
journal = {World Development},
year = {2015},
volume = {66},
pages = {222-36}
}

@article{dyz14,
author = {Dai, M. and Yotov, Y. V. and Zylkin, T.},
title = {On the Trade-Diversion Effects of Free Trade Agreements},
journal = {Economics Letters},
year = {2014},
volume = {122},
number = {2},
pages = {321--25}
}

@article{d09,
author = {Darku, A. B.},
title = {The gravity model and the test for the regional integration effect: the case of Tanzania},
journal = {Journal of Developing Areas, Tennessee State University, College of Business},
year = {2009},
volume = {43},
number = {1},
pages = {25--44},
}

@article{ds92,
author = {Deardorff, A. V. and Stern, R. M.},
title = {Multilateral Trade Negotiations and Preferential Trading Arrangements},
year = {1992},
journal = {Working Papers 307, Research Seminar in International Economics},
publisher = {University of Michigan}
}

@article{d13,
author = {Devarajan, S.},
title = {Africa's Statistical Tragedy},
journal = {Review of Income and Wealth, Series},
year = {2013},
volume = {59},
number = {S1},
pages = {S9--S15}
}

@article{eh11,
author = {Eicher, T. S. and Henn, C.},
title = {In Search of WTO Trade Effects: Preferential Trade Agreements Promote Trade Strongly, but Unevenly},
journal = {Journal of International Economics},
year = {2011},
volume = {83},
number = {2},
pages = {137--53}
}

@article{efo08,
author = {Estevadeordal, A. and C. L. Freund and E. Ornelas},
title = {Does Regionalism Affect Trade Liberalization toward Non-Members?},
journal = {The Quarterly Journal of Economics},
publisher = {Oxford University Press},
year = {2008},
volume = {123},
number = {4},
pages = {1531--1575}
}

@article{f15,
author = {Fally, T.},
title = {Structural gravity and fixed effects},
journal = {Journal of International Economics},
year = {2015},
volume= {97},
number = {1},
pages = {76--85},
}

@book{f97,
author = {Frankel, J.},
title = {Regional Trading Blocs in the World Economic System},
year = {1997},
publisher = {Peterson Institute for International Economics}
}

@article{fo10,
author = {Freund, C. and Ornelas, E.},
title = {Regional Trade Agreements},
journal = {Annual Review of Economics},
year = {2010},
volume = {2},
number = {1},
pages = {139--166},
}

@article{gy04,
author = {Ghosh, S. and Yamarik, S.},
title = {Are regional trading arrangements trade creating?: An application of extreme bounds analysis},
journal = {Journal of International Economics},
year = {2004},
volume = {63},
number = {2},
pages = {369--95}
}

@article{gh95,
author = {Grossman, G. and Helpman, E.},
title = {The Politics of Free-Trade Agreements},
journal = {American Economic Review},
year = {1995},
volume = {85},
number = {4},
pages = {667--90}
}

@incollection{hm14,
author = {Head, K. and Mayer, T.},
title = {Chapter 3 -- Gravity Equations: Workhorse,Toolkit, and Cookbook},
booktitle = {Handbook of International Economics},
year = {2014},
editor = {Gita Gopinath and Elhanan Helpman and Kenneth Rogoff},
publisher = {Elsevier},
volume = {4},
pages = {131--95},
}

@article{hor17,
author = {Hofmann, C. and Osnago, A. and Ruta, M.},
title = {Horizontal Depth: A New Database on the Content of Preferential Trade Agreements},
year = {2017},
number = {7981},
journal = {Policy Research Working Papers. The World Bank}
}

@article{ko98,
author = {Karemera, D. and Ojah, K.},
title = {An Industrial Analysis of Trade Creation and Diversion Effects of NAFTA},
journal = {Journal of Economic Integration},
year = {1998},
volume = {13},
number = {3},
pages = {400--425}
}

@article{k97,
author = {Karras, G.},
title = {Economic Integration and Convergence: Lessons from Asia, Europe and Latin America},
journal = {Journal of Economic Integration},
year = {1997},
volume = {12},
number = {4},
pages = {419--32}
}

@article{k98,
author = {Krishna, P.},
title = {Regionalism and Multilateralism: A Political Economy Approach},
journal = {The Quarterly Journal of Economics},
year = {1998},
volume = {113},
number = {1},
pages = {227--51}
}

@article{k89,
author = {Krugman, P.},
title = {Is Bilateralism Bad?},
year = {1989},
journal = {NBER Working Paper 2972. National Bureau of Economic Research, Inc.}
}

@article{ls06,
author = {Lee, J.-W. and Shin, K.},
title = {Does regionalism lead to more global trade integration in East Asia?},
journal = {The North American Journal of Economics and Finance},
year = {2006},
publisher = {Elsevier},
volume = {17},
number = {3},
pages = {283--301},
}

@article{l60,
author = {Lipsey, R. G.},
title = {The Theory of Customs Unions: A General Survey},
journal = {The Economic Journal},
year = {1960},
volume = {70},
number = {279},
pages = {496--513}
}

@article{m03,
author = {Magee, C. S. P.},
title = {Endogenous Preferential Trade Agreements: An Empirical Analysis},
journal = {Contributions to Economic Analysis and Policy},
year = {2003},
volume = {2},
number = {1},
pages = {article 15}
}

@article{m08,
author = {Magee, C. S. P.},
title = {New Measures of Trade Creation and Trade Diversion},
journal = {Journal of International Economics},
year = {2008},
volume = {75},
number = {2},
pages = {349--62}
}

@article{m16,
author = {Magee, C. S. P.},
title = {Trade creation, trade diversion, and the general equilibrium effects of regional trade agreements: a study of the European Community--Turkey customs union},
journal = {Review of World Economics},
year = {2016},
volume = {152},
number = {2},
pages = {389-99}
}

@article{mnh09,
author = {Mart{\'\i}nez-Zarzoso, I. and F. Nowak-Lehmann and N. Horsewood},
title = {Are Regional Trading Agreements Beneficial?: Static and Dynamic Panel Gravity Models},
journal = {The North American Journal of Economics and Finance},
year = {2009},
volume = {20},
number = {1},
pages = {46--65}
}

@techreport{mmr17,
author = {Mattoo, A. and Mulabdic, A. and Ruta, M.},
title = {Trade Creation and Trade Diversion in Deep Agreements},
year = {2017},
institution = {World Bank, Washington, DC},
type = {Policy Research Working Paper no. 8206}
}

@techreport{ms07,
author = {Mayda, A. M. and Steinberg, C.},
title = {Do South-South Trade Agreements Increase Trade? Commodity-Level Evidence from COMESA},
year = {2007},
type = {IMF Working Papers, 2007/040},
institution = {International Monetary Fund}
}

@article{hmr10,
author = {Head, K. and Mayer, T. and Ries, J.},
title = {The Erosion of Colonial Trade Linkages after Independence},
journal = {Journal of International Economics},
year = {2010},
volume = {81},
number = {1},
pages = {1--14}
}

@techreport{mz11,
author = {Mayer, T. and Zignago, S.},
title = {Notes on CEPII's Distances Measures: The GeoDist Database},
year = {2011},
type = {CEPII Working Paper, 2011 -- 25, CEPII},
}

@article{mov16,
author = {Moncarz, P. E. and Olarreaga, M. and Vaillant, M.},
title = {Regionalism as Industrial Policy: Evidence from Mercosur},
journal = {Review of Development Economics},
year = {2016},
volume = {20},
number = {1},
pages = {359--373},
}

@article{mv10,
author = {Moncarz, P. E. and Vaillant, M.},
title = {Who Wins in South-South Trade Agreements? New Evidence for Mercosur},
journal = {Journal of Applied Economics},
year = {2010},
volume = {13},
number = {2},
pages = {305--34}
}

@book{m68,
author = {Mundell, R. A.},
title = {International Economics},
publisher = {Macmillan},
year = {1968}
}

@article{p99,
author = {Panagariya, A.},
title = {The Regionalism Debate: An Overview},
journal = {The World Economy},
year = {1999},
volume = {22},
number = {4},
pages = {455--76}
}

@article{p00,
author = {Panagariya, A.},
title = {Preferential Trade Liberalization: The Traditional Theory and New Developments},
journal = {Journal of Economic Literature},
year = {2000},
volume = {38},
number = {2},
pages = {287--331}
}

@article{r13,
author = {R{\'e}golo, J.},
title = {Export Diversification: How Much Does the Choice of the Trading Partner Matter?},
journal = {Journal of International Economics},
volume = {91},
number = {2},
year = {2013},
pages = {329--42}
}

@article{s06,
author = {Santos Silva, J. and Tenreyro, S.},
title = {The Log of Gravity},
journal = {The Review of Economics and Statistics},
year = {2006},
volume = {88},
number = {4},
pages = {641--58}
}

@book{sw03,
author = {Schiff, M. and Winters, L. A.},
title = {Regional Integration and Development},
year = {2003},
publisher = {World Bank Publications. The World Bank},
}

@techreport{sw08,
author = {Schiff, M. and Wang, Y.},
title = {North-South Technology Spillovers: The Relative Impact of Openness and Foreign R\&D},
year = {2008},
institution = {Institute of Labor Economics (IZA)},
type = {IZA Discussion Papers 3383},
}

@article{ss17,
author = {Sperlich, S. and Sperlich, Y.},
title = {Growth and convergence in South--South integration areas: An empirical analysis},
journal = {Review of International Economics},
year = {2017},
publisher = {Wiley Blackwell},
volume = {25},
number = {4},
pages = {799--830},
}

@techreport{tdlsv14,
author = {Timmer, M. P. and Dietzenbacher, E. and Los, B. and Stehrer, R. and de Vries,  G. J.},
title = {The World Input-Output Database: Content, Concepts and Applications},
year = {2014},
institution = {GGDC},
type = {GGDC Working Papers, vol. GD-144},
}

@article{v03,
author = {Venables, A. J.},
title = {Winners and Losers from Regional Integration Agreements},
journal = {The Economic Journal},
year = {2003},
volume = {113},
number = {490},
pages = {747--61}
}

@article{v03a,
author = {Venables, A. J.},
title = {Shifts in Economic Geography and Their Causes},
journal = {Economic Review},
year = {2003},
volume = {91},
number = {4},
pages = {61--85}
}

@incollection{v11,
author = {Venables, A. J.},
title = {Economic integration in remote resource-rich regions in costs and benefits of economic integration in Asia},
booktitle = {Costs and Benefits of economic Integration in Asia},
year = {2011},
publisher = {Oxford University Press},
address = {New York},
editor = {R. Barro and J. W. Lee},
pages = {187--207},
}

@book{v14,
author = {Viner, J.},
title = {The Customs Union Issue},
year = {1950},
publisher = {Oxford University Press, 2014.},
}

@article{ym14,
author = {Yang, S. and Martinez-Zarzoso, I.},
title = {A Panel Data Analysis of Trade Creation and Trade Diversion Effects: The Case of ASEAN--China Free Trade Area},
journal = {China Economic Review},
year = {2014},
volume = {29},
pages = {138--51}
}

@article{y98,
author = {Yeats, A. J.},
title = {Does Mercosur's Trade Performance Raise Concerns about the Effects of Regional Trade Arrangements?},
journal = {World Bank Economic Review},
year = {1998},
volume = {12},
number = {1},
pages = {1--28}
}

@article{ypml16,
author = {Yotov, Y. V. and Piermartini, R. and Monteiro, J.-A. and Larch, M.},
title = {An Advanced Guide to Trade Policy Analysis: The Structural Gravity Model},
journal = {WTO},
year = {2016}
}

@article{z16,
author = {Zylkin, T.},
title = {Beyond Tariffs: Quantifying Heterogeneity in the Effects of Free Trade Agreements},
year = {2016},
journal = {mimeo}
}